<?xml version='1.0' encoding='UTF-8'?>
<record xmlns="http://www.loc.gov/MARC21/slim">
  <leader>01680cam a2200349 i 4500</leader>
  <controlfield tag="001">208170</controlfield>
  <controlfield tag="003">NjP</controlfield>
  <controlfield tag="005">20171009080201.0</controlfield>
  <controlfield tag="008">840315s1953    mr            000 0 ara d</controlfield>
  <datafield tag="024" ind1="7" ind2=" ">
    <subfield code="a">princeton_aco002794</subfield>
    <subfield code="2">local</subfield>
  </datafield>
  <datafield ind1=" " ind2=" " tag="010">
    <subfield code="a">   74297462 </subfield>
  </datafield>
  <datafield ind1=" " ind2=" " tag="035">
    <subfield code="a">(OCoLC)47068176</subfield>
  </datafield>
  <datafield ind1=" " ind2=" " tag="035">
    <subfield code="a">(OCoLC)ocn175532403</subfield>
  </datafield>
  <datafield ind1=" " ind2=" " tag="035">
    <subfield code="a">(OCoLC)175532403</subfield>
  </datafield>
  <datafield ind1=" " ind2=" " tag="035">
    <subfield code="a">(CStRLIN)NJPG84-B15084</subfield>
  </datafield>
  <datafield ind1=" " ind2=" " tag="035">
    <subfield code="9">ABC3146TS</subfield>
  </datafield>
  <datafield ind1=" " ind2=" " tag="035">
    <subfield code="a">(NjP)208170</subfield>
  </datafield>
  <datafield ind1=" " ind2=" " tag="040">
    <subfield code="a">PUL</subfield>
    <subfield code="c">PUL</subfield>
    <subfield code="d">PUL</subfield>
  </datafield>
  <datafield ind1=" " ind2=" " tag="049">
    <subfield code="a">PULL</subfield>
  </datafield>
  <datafield ind1="0" ind2=" " tag="050">
    <subfield code="a">BP135.A3</subfield>
    <subfield code="b">F5</subfield>
  </datafield>
  <datafield ind1=" " ind2=" " tag="079">
    <subfield code="a">ocm47068176</subfield>
  </datafield>
  <datafield ind1="1" ind2=" " tag="100">
    <subfield code="6">880-01</subfield>
    <subfield code="a">Fihrī, ʻAbd al-Ḥafīẓ al-Fāsī,</subfield>
    <subfield code="e">comp.</subfield>
  </datafield>
  <datafield ind1="1" ind2="0" tag="245">
    <subfield code="6">880-02</subfield>
    <subfield code="a">Istinzāl al-sakīnah al-raḥmānīyah bi-al-taḥdīth bi-al-arbaʻīn al-buldānīyah /</subfield>
    <subfield code="c">riwāyat w-jamʻ ʻAbd Al-Hafīẓ al-Fāsī al-Fihrī ; taqdīm ʻAbd Allāh kanūn al-Ḥasanī, wa-taqrīẓ al-Ṭāhir ibn Muḥammad al-Fihrī al-Fāsī.</subfield>
  </datafield>
  <datafield ind1=" " ind2=" " tag="260">
    <subfield code="6">880-03</subfield>
    <subfield code="a">Taṭwān :</subfield>
    <subfield code="b">al-Maṭbaʻah al-Mahdīyah,</subfield>
    <subfield code="c">1953.</subfield>
  </datafield>
  <datafield ind1=" " ind2=" " tag="300">
    <subfield code="a">14, 51 p. ;</subfield>
    <subfield code="c">25 cm.</subfield>
  </datafield>
  <datafield ind1=" " ind2="0" tag="650">
    <subfield code="a">Hadith.</subfield>
    <subfield code="0">http://id.loc.gov/authorities/subjects/sh85058192</subfield>
  </datafield>
  <datafield ind1="1" ind2=" " tag="880">
    <subfield code="6">100-01/r</subfield>
    <subfield code="a">فهري، عبد الحفيظ الفاسي،</subfield>
    <subfield code="e">comp.</subfield>
  </datafield>
  <datafield ind1="1" ind2="0" tag="880">
    <subfield code="6">245-02/r</subfield>
    <subfield code="a">استنزال السكينة الرحمنية بالتحديث بالاربعين البلدانية /</subfield>
    <subfield code="c">رواية وجمع عبد الهفيظ الفاسي الفهري ؛ تقديم عبد الله كنون الحسني، وتقريظ الطاهر بن محمد الفهري الفاسي.</subfield>
  </datafield>
  <datafield ind1=" " ind2=" " tag="880">
    <subfield code="6">260-03/r</subfield>
    <subfield code="a">تطوان :</subfield>
    <subfield code="b">المطبعة المهدية،</subfield>
    <subfield code="c">1953.</subfield>
  </datafield>
  <datafield ind1=" " ind2=" " tag="998">
    <subfield code="a">03/20/84</subfield>
    <subfield code="s">9114</subfield>
    <subfield code="n">NjP</subfield>
    <subfield code="w">NJPG84B15084</subfield>
    <subfield code="d">03/15/84</subfield>
    <subfield code="c">RNG</subfield>
    <subfield code="b">MT</subfield>
    <subfield code="i">840320</subfield>
    <subfield code="l">NJPG</subfield>
  </datafield>
  <datafield ind1=" " ind2=" " tag="911">
    <subfield code="a">19921028</subfield>
  </datafield>
  <datafield ind1=" " ind2=" " tag="912">
    <subfield code="a">19900822000000.0</subfield>
  </datafield>
  <datafield ind1=" " ind2=" " tag="994">
    <subfield code="a">C0</subfield>
    <subfield code="b">PUL</subfield>
  </datafield>
  <datafield ind1=" " ind2=" " tag="999">
    <subfield code="a">208170</subfield>
  </datafield>
  <datafield ind1="0" ind2="0" tag="852">
    <subfield code="0">228799</subfield>
    <subfield code="b">rcppa</subfield>
    <subfield code="t">1</subfield>
    <subfield code="h">BP135.A3</subfield>
    <subfield code="i">F5</subfield>
    <subfield code="x">tr fr arab</subfield>
  </datafield>
  <datafield ind1=" " ind2=" " tag="959">
    <subfield code="a">2005-08-10 10:44:13 -0500</subfield>
  </datafield>
</record>
